@article{kornai2013digital,
  title={Digital language death},
  author={Kornai, Andr{\'a}s},
  journal={PloS one},
  volume={8},
  number={10},
  pages={e77056},
  year={2013},
  publisher={Public Library of Science}
}

@inproceedings{zagalsky2015,
  title={The emergence of GitHub as a collaborative platform for education},
  author={Zagalsky, Alexey and Feliciano, Joseph and Storey, Margaret-Anne and Zhao, Yiyun and Wang, Weiliang},
  booktitle={Proceedings of the 18th ACM Conference on Computer Supported Cooperative Work \& Social Computing},
  pages={1906--1917},
  year={2015},
  organization={ACM}
}

@inproceedings{storey2014,
 author = {Storey, Margaret-Anne and Singer, Leif and Cleary, Brendan and Figueira Filho, Fernando and Zagalsky, Alexey},
 title = {The (R) Evolution of Social Media in Software Engineering},
 booktitle = {Proceedings of the on Future of Software Engineering},
 series = {FOSE 2014},
 year = {2014},
 isbn = {978-1-4503-2865-4},
 location = {Hyderabad, India},
 pages = {100--116},
 numpages = {17},
 url = {http://doi.acm.org/10.1145/2593882.2593887},
 doi = {10.1145/2593882.2593887},
 acmid = {2593887},
 publisher = {ACM},
 address = {New York, NY, USA},
 keywords = {Collaboration, Social Media, Software Engineering},
}

@book{MacKenzie-and-Jancewicz-1994,
  address    = {Kawawachikamach, Quebec},
  author     = {MacKenzie, Marguerite and Jancewicz, Bill},
  publisher  = {Naskapi Development Corporation},
  title      = {Naskapi Lexicon},
  year       = {1994},
  iso_code   = {nsk},
  olac_field = {syntax; general_linguistics; typology},
  wals_code  = {nsk}
}

@book{MacKenzie-1980,
  title={Towards a Dialectology of Cree-Montagnais-Naskapi},
  author={MacKenzie, M.E.},
  publisher={University of Toronto},
  url={https://books.google.ca/books?id=u\_MBPwAACAAJ},
  year={1980}
}

@book{llewellyn2017oral,
  title={Oral History and Education: Theories, Dilemmas, and Practices},
  author={Llewellyn, K.R. and Ng-A-Fook, N.},
  isbn={9781349950195},
  lccn={2017935967},
  series={Palgrave Studies in Oral History},
  url={https://books.google.ca/books?id=SGuYDgAAQBAJ},
  year={2017},
  publisher={Palgrave Macmillan US}
}
